@TechReport{antenucci2014,
  author={Dolan Antenucci and Michael Cafarella and Margaret Levenstein and Christopher Ré and Matthew D. Shapiro},
  title={{Using Social Media to Measure Labor Market Flows}},
  year=2014,
  month=Mar,
  institution={National Bureau of Economic Research, Inc},
  type={NBER Working Papers},
  number={20010}
}

@TechReport{thorsrud2016,
  author={Leif Anders Thorsrud},
  title={{Nowcasting using news topics Big Data versus big bank}},
  year=2016,
  month=Nov,
  institution={Centre for Applied Macro- and Petroleum economics (CAMP), BI Norwegian Business School},
  type={Working Papers},
  number={0046}
}

@TechReport{anvik2010,
  title={“Just Google it”: Forecasting Norwegian unemployment figures with web queries},
  author={Anvik, Christian and Gjelstad, Kristoffer},
  year={2010},
  institution={ Centre for Research in Economics and Management (CREAM), BI Norwegian Business School},
  type={Working papers},
  year=2010,
  number={11}
}



@article{da2015,
  author={Da, Zhi and Engelberg, Joseph and Gao, Pengjie},
  title={{Editor's Choice The Sum of All FEARS Investor Sentiment and Asset Prices}},
  journal={Review of Financial Studies},
  year=2015,
  volume={28},
  number={1},
  pages={1-32}
}


@techreport{stephens2014,
  title={A Hands-on Guide to Google Data},
  author={Stephens-Davidowitz, Seth and Varian, Hal},
  year={2014},
  institution={Google Mountain View, CA}
}


@article{choi2012,
  title={Predicting the present with Google Trends},
  author={Choi, Hyunyoung and Varian, Hal},
  journal={Economic Record},
  volume={88},
  number={s1},
  pages={2--9},
  year={2012},
  publisher={Wiley Online Library}
}


@Article{boe2011,
  author={McLaren, Nick and Shanbhogue, Rachana},
  title={{Using internet search data as economic indicators}},
  journal={Bank of England Quarterly Bulletin},
  year=2011,
  volume={51},
  number={2},
  pages={134-140}
}


@article{vosen2012,
  title={A monthly consumption indicator for Germany based on Internet search query data},
  author={Vosen, Simeon and Schmidt, Torsten},
  journal={Applied Economics Letters},
  volume={19},
  number={7},
  pages={683--687},
  year={2012},
  publisher={Taylor \& Francis}
}


@article{tibshirani1996,
  title={Regression shrinkage and selection via the lasso},
  author={Tibshirani, Robert},
  journal={Journal of the Royal Statistical Society. Series B (Methodological)},
  pages={267--288},
  year={1996},
  publisher={JSTOR}
}


@techreport{gelper2008,
  title={Least angle regression for time series forecasting with many predictors},
  author={Gelper, Sarah and Croux, Christophe},
  year={2008},
  type={Working paper},
  institution={KU Leuven-Faculty of Business and Economics}
}


@article{efron2004,
  title={Least angle regression},
  author={Efron, Bradley and Hastie, Trevor and Johnstone, Iain and Tibshirani, Robert and others},
  journal={The Annals of statistics},
  volume={32},
  number={2},
  pages={407--499},
  year={2004},
  publisher={Institute of Mathematical Statistics}
}


@article{campos2003,
  title={Consistent model selection by an automatic Gets approach},
  author={Campos, Julia and Hendry, David F and Krolzig, Hans-Martin},
  journal={Oxford Bulletin of Economics and Statistics},
  volume={65},
  number={s1},
  pages={803--819},
  year={2003},
  publisher={Wiley Online Library}
}


@article{vosen2011,
  title={Forecasting private consumption: survey-based indicators vs. Google trends},
  author={Vosen, Simeon and Schmidt, Torsten},
  journal={Journal of Forecasting},
  volume={30},
  number={6},
  pages={565--578},
  year={2011},
  publisher={Wiley Online Library}
}


@article{ginsberg2009,
  title={Detecting influenza epidemics using search engine query data},
  author={Ginsberg, Jeremy and Mohebbi, Matthew H and Patel, Rajan S and Brammer, Lynnette and Smolinski, Mark S and Brilliant, Larry},
  journal={Nature},
  volume={457},
  number={7232},
  pages={1012--1014},
  year={2009},
  publisher={Nature Publishing Group}
}

@incollection{wu2015,
  title={The future of prediction: How Google searches foreshadow housing prices and sales},
  author={Wu, Lynn and Brynjolfsson, Erik},
  booktitle={Economic analysis of the digital economy},
  pages={89--118},
  year={2015},
  publisher={University of Chicago Press}
}

@article{ettredge2005,
  title={Using web-based search data to predict macroeconomic statistics},
  author={Ettredge, Michael and Gerdes, John and Karuga, Gilbert},
  journal={Communications of the ACM},
  volume={48},
  number={11},
  pages={87--92},
  year={2005},
  publisher={ACM}
}


@incollection{arrow1987,
  title={Reflections on the Essays},
  author={Arrow, Kenneth J},
  booktitle={Arrow and the Foundations of the Theory of Economic Policy},
  pages={727--734},
  year={1987},
  publisher={Springer}
}


@Manual{ssb2015,
  author={{Statistics Norway}},
  title={{ICT usage in households, 2015, 2nd quarter}},
  year=2015,
  note = {Extracted 27.04.17},
  url={http://www.ssb.no/en/teknologi-og-innovasjon/statistikker/ikthus/aar/2015-10-01}
}


@Manual{ssb2016,
  author={{Statistics Norway}},
  title={{ICT usage in households, 2016, 2nd quarter}},
  year=2016,
  note = {Extracted 27.04.17},
  url={http://www.ssb.no/en/teknologi-og-innovasjon/statistikker/ikthus}
}




@TechReport{banbura2013,
  author={Bańbura, Marta and Giannone, Domenico and Modugno, Michele and Reichlin, Lucrezia},
  title={{Now-casting and the real-time data flow}},
  year=2013,
  month=Jul,
  institution={European Central Bank},
  type={Working Paper Series},
  number={1564}
}

@book{zikopoulos2011,
  title={Understanding big data: Analytics for enterprise class hadoop and streaming data},
  author={Zikopoulos, Paul and Eaton, Chris and others},
  year={2011},
edition = {1st ed},
  publisher={McGraw-Hill Osborne Media}
}

@Manual{gtrendsR,
    title = {gtrendsR: Perform and Display Google Trends Queries},
    author = {Philippe Massicotte and Dirk Eddelbuettel},
    year = {2017},
    note = {R package version 2.0.0},
    url = {https://github.com/PMassicotte/gtrendsR},
  }


@Manual{statcounter2016,
  author={StatCounter},
  title={Top 5 Desktop, Tablet \& Console Search Engines in Norway, July 2016},
  year=2016,
  note = {Extracted 27.04.17},
  url={http://gs.statcounter.com/}
}


@book{bjornland2015,
  title={Applied time series for macroeconomics},
  author={Bjørnland, Hilde and Thorsrud, Leif Anders},
  year={2015},
  publisher={Gyldendal},
  edition={2},
  pages={88}
}




@article{scott2014,
  title={Predicting the present with bayesian structural time series},
  author={Scott, Steven L and Varian, Hal R},
  journal={International Journal of Mathematical Modelling and Numerical Optimisation},
  volume={5},
  number={1-2},
  pages={4--23},
  year={2014},
  publisher={Inderscience Publishers Ltd}
}


@Manual{r,
    title = {R: A Language and Environment for Statistical Computing},
    author = {{R Core Team}},
    organization = {R Foundation for Statistical Computing},
    address = {Vienna, Austria},
    year = {2016},
    url = {https://www.R-project.org/},
  }



@Article{diebold1995,
  author={Diebold, Francis X and Mariano, Roberto S},
  title={{Comparing Predictive Accuracy}},
  journal={Journal of Business \& Economic Statistics},
  year=1995,
  volume={13},
  number={3},
  pages={253-263},
  month={July}
}


@article{west1996,
  title={Asymptotic inference about predictive ability},
  author={West, Kenneth D},
  journal={Econometrica: Journal of the Econometric Society},
  pages={1067--1084},
  year={1996},
  publisher={JSTOR}
}



@article{forni2000,
  title={The generalized dynamic-factor model: Identification and estimation},
  author={Forni, Mario and Hallin, Marc and Lippi, Marco and Reichlin, Lucrezia},
  journal={Review of Economics and statistics},
  volume={82},
  number={4},
  pages={540--554},
  year={2000},
  publisher={MIT Press}
}

@article{dickey1979,
  title={Distribution of the estimators for autoregressive time series with a unit root},
  author={Dickey, David A and Fuller, Wayne A},
  journal={Journal of the American statistical association},
  volume={74},
  number={366a},
  pages={427--431},
  year={1979},
  publisher={Taylor \& Francis}
}


@article {carriere2013,
author = {Carrière-Swallow, Yan and Labbé, Felipe},
title = {Nowcasting with Google Trends in an Emerging Market},
journal = {Journal of Forecasting},
volume = {32},
number = {4},
pages = {289--298},
keywords = {nowcasting, Google Trends, forecast accuracy, emerging markets},
year = {2013},
}